@misc{predictStockCNNLSTM,
      title={Predicting Stock Market Time-Series Data using CNN-LSTM Neural Network Model}, 
      author={Aadhitya A and Rajapriya R and Vineetha R S and Anurag M Bagde},
      year={2023},
      eprint={2305.14378},
      archivePrefix={arXiv},
      primaryClass={q-fin.ST}
}

@article{predictBitcoinARIMA,
author = {Manoharan, Poongodi and Vijayakumar, Vignesh and Chilamkurti, Naveen},
year = {2020},
month = {01},
pages = {396},
title = {Bitcoin price prediction using ARIMA model},
volume = {10},
journal = {International Journal of Internet Technology and Secured Transactions},
doi = {10.1504/IJITST.2020.108130}
}

@inproceedings{randomForestAndLSTM,
author = {Ma, Yilin and Han, Ruizhu and Fu, Xiaoling},
year = {2019},
month = {10},
pages = {126-130},
title = {Stock prediction based on random forest and LSTM neural network},
doi = {10.23919/ICCAS47443.2019.8971687}
}

@inbook{comparationLinearRegression,
author = {Jin, Xiwen and Yi, Chaoran},
year = {2022},
month = {12},
pages = {837-842},
title = {The Comparison of Stock Price Prediction Based on Linear Regression Model and Machine Learning Scenarios},
isbn = {978-94-6463-029-9},
doi = {10.2991/978-94-6463-030-5_82}
}

@inproceedings{MICN,
title={{MICN}: Multi-scale Local and Global Context Modeling for Long-term Series Forecasting},
author={Huiqiang Wang and Jian Peng and Feihu Huang and Jince Wang and Junhui Chen and Yifei Xiao},
booktitle={The Eleventh International Conference on Learning Representations },
year={2023},
url={https://openreview.net/forum?id=zt53IDUR1U}
}
@inproceedings{forecastingHoltWinter,
author = {Awajan, Ahmad and Ismail, Mohd Tahir and Alwadi, Sadam},
year = {2019},
month = {12},
pages = {050006},
title = {Stock market forecasting using empirical mode decomposition with holt-winter},
volume = {2184},
journal = {AIP Conference Proceedings},
doi = {10.1063/1.5136394}
}










@article{stockPricePrediction,
title = {A novel interval dual convolutional neural network method for interval-valued stock price prediction},
journal = {Pattern Recognition},
volume = {145},
pages = {109920},
year = {2024},
issn = {0031-3203},
doi = {https://doi.org/10.1016/j.patcog.2023.109920},
url = {https://www.sciencedirect.com/science/article/pii/S0031320323006180},
author = {Manrui Jiang and Wei Chen and Huilin Xu and Yanxin Liu},
keywords = {Interval-valued time series, Interval-valued stock price, Stock price prediction, Relevant stock information, Convolutional neural network},
}

@inproceedings{holtWinter,
author = {Awajan, Ahmad and Ismail, Mohd Tahir and Alwadi, Sadam},
year = {2019},
month = {12},
pages = {050006},
title = {Stock market forecasting using empirical mode decomposition with holt-winter},
volume = {2184},
journal = {AIP Conference Proceedings},
doi = {10.1063/1.5136394}
}


@article{linearRegressionMethod,
author = {Maulud, Dastan and Mohsin Abdulazeez, Adnan},
year = {2020},
month = {12},
pages = {140-147},
title = {A Review on Linear Regression Comprehensive in Machine Learning},
volume = {1},
journal = {Journal of Applied Science and Technology Trends},
doi = {10.38094/jastt1457}
}

@inproceedings{HoltWinter1,
author = {Lima, Susana and Gonçalves, A. Manuela and Costa, Marco},
year = {2019},
month = {12},
pages = {090003},
title = {Time series forecasting using Holt-Winters exponential smoothing: An application to economic data},
volume = {2186},
journal = {AIP Conference Proceedings},
doi = {10.1063/1.5137999}
}

@inproceedings{HoltWinter2,
  title={Time series Forecasting using Holt-Winters Exponential Smoothing},
  author={Prajakta S. Kalekar},
  year={2004},
  url={https://api.semanticscholar.org/CorpusID:13942871}
}
@inproceedings{HoltWinter3,
  title={Triple Exponential Smoothing},
  url={https://www.itl.nist.gov/div898/handbook/pmc/section4/pmc435.htm}
}
@misc{LRDeterministicProcess,
  title = {Store Sales - Time Series Forecasting},
  author = {Vinciusspark},
  howpublished = {\url{https://www.kaggle.com/code/lorentzyeung/calendarfourier-deterministicprocess-fourier#DeterministicProcess}},
  note = {Accessed: 2024-06-20}
}

@inproceedings{XGBoost, series={KDD ’16},
   title={XGBoost: A Scalable Tree Boosting System},
   url={http://dx.doi.org/10.1145/2939672.2939785},
   DOI={10.1145/2939672.2939785},
   booktitle={Proceedings of the 22nd ACM SIGKDD International Conference on Knowledge Discovery and Data Mining},
   publisher={ACM},
   author={Chen, Tianqi and Guestrin, Carlos},
   year={2016},
   month=aug, collection={KDD ’16} }

@Article{RNN,
AUTHOR = {Noh, Seol-Hyun},
TITLE = {Analysis of Gradient Vanishing of RNNs and Performance Comparison},
JOURNAL = {Information},
VOLUME = {12},
YEAR = {2021},
NUMBER = {11},
ARTICLE-NUMBER = {442},
URL = {https://www.mdpi.com/2078-2489/12/11/442},
ISSN = {2078-2489},
DOI = {10.3390/info12110442}
}

@article{DeepLearning,
  title={Deep learning},
  author={LeCun, Yann and Bengio, Yoshua and Hinton, Geoffrey},
  journal={Nature},
  volume={521},
  number={7553},
  pages={436--444},
  year={2015},
  publisher={Nature Publishing Group},
  url={https://doi.org/10.1038/nature14539},
  doi={10.1038/nature14539},
  ISSN={1476-4687},
}

@article{ComparasionCNNLSTM,
author = {Iturrino, Carlos and Grasso, Francesco and Luchetta, Antonio and Piccirilli, Maria and Paolucci, Libero and Talluri, Giacomo},
year = {2020},
month = {09},
pages = {6755},
title = {A Comparison of Power Quality Disturbance Detection and Classification Methods Using CNN, LSTM and CNN-LSTM},
volume = {10},
journal = {Applied Sciences},
doi = {10.3390/app10196755}
}
@InProceedings{CNNLSTMTimeSeries,
author="Jin, Xuebo
and Yu, Xinghong
and Wang, Xiaoyi
and Bai, Yuting
and Su, Tingli
and Kong, Jianlei",
editor="Wang, Rui
and Chen, Zengqiang
and Zhang, Weicun
and Zhu, Quanmin",
title="Prediction for Time Series with CNN and LSTM",
booktitle="Proceedings of the 11th International Conference on Modelling, Identification and Control (ICMIC2019)",
year="2020",
publisher="Springer Singapore",
address="Singapore",
pages="631--641",
isbn="978-981-15-0474-7"
}


@article{ComparisonGRU&ARIMA,
author = {Ridwan, Mochamad and Sadik, Kusman and Afendi, Farit},
year = {2024},
month = {01},
pages = {389 - 400},
title = {Comparison of ARIMA and GRU Models for High-Frequency Time Series Forecasting},
volume = {10},
journal = {Scientific Journal of Informatics},
doi = {10.15294/sji.v10i3.45965}
}

@INPROCEEDINGS{LSTM,
  author={Duan, Yanjie and L.V., Yisheng and Wang, Fei-Yue},
  booktitle={2016 IEEE 19th International Conference on Intelligent Transportation Systems (ITSC)}, 
  title={Travel time prediction with LSTM neural network}, 
  year={2016},
  volume={},
  number={},
  pages={1053-1058},
  keywords={Predictive models;Logic gates;Recurrent neural networks;Real-time systems;Roads;Machine learning},
  doi={10.1109/ITSC.2016.7795686}}

@misc{predictStockCNNLSTM,
      title={Predicting Stock Market Time-Series Data using CNN-LSTM Neural Network Model}, 
      author={Aadhitya A and Rajapriya R and Vineetha R S and Anurag M Bagde},
      year={2023},
      eprint={2305.14378},
      archivePrefix={arXiv},
      primaryClass={q-fin.ST}
}
@inproceedings{MICN,
  title={MICN: Multi-scale Local and Global Context Modeling for Long-term Series Forecasting},
  author={Huiqiang Wang and Jian Peng and Feihu Huang and Jince Wang and Junhui Chen and Yifei Xiao},
  booktitle={International Conference on Learning Representations},
  year={2023},
  url={https://api.semanticscholar.org/CorpusID:259298592}
}